@misc{F2Viterb66:online,
author = {},
title = {F2-ViterbiAlgorithm.pdf},
howpublished = {\url{https://ocw.u-tokyo.ac.jp/lecture_files/engin_01/6/notes/ja/F2-ViterbiAlgorithm.pdf}},
month = {},
year = {},
note = {(Accessed on 01/21/2020)}
}

@misc{行列式の基本的な75:online,
author = {},
title = {行列式の基本的な性質と公式   - 理数アラカルト -},
howpublished = {\url{https://risalc.info/src/determinant-formulas.html}},
month = {},
year = {},
note = {(Accessed on 01/21/2020)}
}

@misc{「ベクトルで微分1:online,
author = {},
title = {「ベクトルで微分・行列で微分」公式まとめ - Qiita},
howpublished = {\url{https://qiita.com/AnchorBlues/items/8fe2483a3a72676eb96d}},
month = {},
year = {},
note = {(Accessed on 01/21/2020)}
}

@misc{線形計画法の双対68:online,
author = {},
title = {線形計画法の双対定理の意味と嬉しさ | 高校数学の美しい物語},
howpublished = {\url{https://mathtrain.jp/primaldual}},
month = {},
year = {},
note = {(Accessed on 01/21/2020)}
}

@misc{twophase90:online,
author = {},
title = {twophase2.dvi},
howpublished = {\url{http://www.fujilab.dnj.ynu.ac.jp/lecture/system4.pdf}},
month = {},
year = {},
note = {(Accessed on 01/21/2020)}
}

@misc{dual200224:online,
author = {},
title = {dual2002.pdf},
howpublished = {\url{http://www.bunkyo.ac.jp/~nemoto/lecture/mathpro/2002/dual2002.pdf}},
month = {},
year = {},
note = {(Accessed on 01/21/2020)}
}

@misc{exercise86:online,
author = {},
title = {exercise1.dvi},
howpublished = {\url{http://www.fujilab.dnj.ynu.ac.jp/lecture/system2.pdf}},
month = {},
year = {},
note = {(Accessed on 01/21/2020)}
}